<?xml version="1.0" encoding="UTF-8"?><collection xmlns="http://www.loc.gov/MARC21/slim"><record><leader>00397nam--2200133-i-4500</leader><controlfield tag="001">000019298</controlfield><controlfield tag="002">20161230</controlfield><controlfield tag="005">20161230201033</controlfield><controlfield tag="008">060222s1000------------r-----000-0-eng-d</controlfield><datafield ind1=" " ind2=" " tag="100"><subfield code="a">Mcilwain, Knox</subfield></datafield><datafield ind1=" " ind2=" " tag="260"><subfield code="a">Electrical Engineers Handbook.Electric Communication And Electronics.Fourth Edition</subfield></datafield><datafield ind1=" " ind2=" " tag="490"><subfield code="a">Wiley Engineering Handbook Series</subfield></datafield><datafield ind1=" " ind2=" " tag="700"><subfield code="a">Pender, Harold</subfield></datafield><datafield ind1=" " ind2=" " tag="852"><subfield code="a">621.38:621.38.004.6</subfield></datafield></record></collection>